<?xml version="1.0" encoding="UTF-8"?><collection xmlns="http://www.loc.gov/MARC21/slim"><record><leader>00716nam--2200193-i-4500</leader><controlfield tag="001">000006640</controlfield><controlfield tag="002">20161230</controlfield><controlfield tag="005">20161230201026</controlfield><controlfield tag="008">060222s1000------------r-----000-0-eng-d</controlfield><datafield ind1=" " ind2=" " tag="040"><subfield code="a">IFIN-HH</subfield></datafield><datafield ind1=" " ind2=" " tag="080"><subfield code="a">539.1.074=621.382.3</subfield></datafield><datafield ind1="1" ind2=" " tag="100"><subfield code="a">Dabbs, J.W.T</subfield></datafield><datafield ind1="1" ind2="0" tag="245"><subfield code="a">Semiconductor nuclear particle detectors</subfield><subfield code="b">Nuclear science series proceedings of an informal conference asheville, n.c., september 28-30, 1960</subfield><subfield code="c">W.t. dabbs, f.j. walter (eds.)</subfield></datafield><datafield ind1=" " ind2=" " tag="260"><subfield code="a">Washington,., 1961</subfield><subfield code="b">National Academy Of Sciences</subfield><subfield code="c">1961</subfield></datafield><datafield ind1=" " ind2=" " tag="300"><subfield code="a">280P</subfield></datafield><datafield ind1=" " ind2=" " tag="490"><subfield code="a">Nuclear Science Series National Research Council Publication 871</subfield><subfield code="v">Report Number 32</subfield></datafield><datafield ind1="1" ind2=" " tag="700"><subfield code="a">Walter, F.J</subfield><subfield code="e">Ed</subfield></datafield><datafield ind1=" " ind2=" " tag="852"><subfield code="a">13144</subfield><subfield code="c">539</subfield></datafield><datafield ind1=" " ind2=" " tag="CAT"><subfield code="a">Sys</subfield><subfield code="c">20110926</subfield><subfield code="h">142331</subfield></datafield></record></collection>